%% This BibTeX bibliography file was created using BibDesk.
%% http://bibdesk.sourceforge.net/


%% Created for ljama at 2014-06-18 16:46:03 +0200 


%% Saved with string encoding Unicode (UTF-8) 



@article{jakobovic,
	Author = {Domagoj Jakobovi{\'c}},
	Date-Added = {2014-06-18 14:44:05 +0000},
	Date-Modified = {2014-06-18 14:44:52 +0000},
	Journal = {Doktorska disertacija},
	Title = {RasporeÄ‘ivanje zasnovano na prilagodljivim pravilima},
	Year = {2005}}

@article{kokan,
	Author = {Ivan Kokan},
	Date-Added = {2014-06-01 10:28:45 +0000},
	Date-Modified = {2014-06-01 10:29:23 +0000},
	Journal = {Diplomski rad},
	Title = {Primjena genetskog programiranja za rje{\v s}avanje problema prijanjanja proteina},
	Year = {2010}}

@article{bool,
	Author = {Stjepan Picek; Domagoj Jakobovic; Marin Golub},
	Date-Added = {2014-05-21 19:17:33 +0000},
	Date-Modified = {2014-05-21 20:19:18 +0000},
	Title = {Evolving Cryptographically Sound Boolean Functions},
	Year = {2013}}

@article{ecf,
	Author = {Domagoj Jakobovi{\'c}},
	Date-Added = {2014-05-20 12:46:07 +0000},
	Date-Modified = {2014-05-20 12:46:43 +0000},
	Title = {ECF: http://gp.zemris.fer.hr/ecf/}}

@book{koza2,
	Author = {J. R. Koza},
	Date-Added = {2014-05-20 11:51:30 +0000},
	Date-Modified = {2014-05-20 11:52:02 +0000},
	Publisher = {MIT Press},
	Title = {Genetic Programming II: Automatic Discovery of Reusable Programs},
	Year = {1994}}

@article{onePointExp,
	Author = {Riccardo Poli;W.B. Langdon},
	Date-Added = {2014-05-20 11:45:03 +0000},
	Date-Modified = {2014-05-20 11:45:48 +0000},
	Title = {Genetic Programming with One-Point Crossover and Point Genetic Programming with One-Point Crossover and Point Genetic Programming with One-Point Crossover and Point Genetic Programming with One-Point Crossover and Point Genetic Programming with One-Point Crossover and Point Mutation},
	Year = {1997}}

@article{crxSem,
	Author = {Alberto Moraglio; Krzysztof Krawiec; Colin G. Johnson},
	Date-Added = {2014-05-19 15:23:05 +0000},
	Date-Modified = {2014-05-20 10:57:24 +0000},
	Title = {Geometric Semantic Genetic Programming}}

@article{crxDeter,
	Author = {Josh C. Bongard},
	Date-Added = {2014-05-19 13:41:12 +0000},
	Date-Modified = {2014-05-19 13:42:04 +0000},
	Title = {A Probabilistic Functional Crossover Operator for Genetic Programming},
	Year = {2010}}

@article{crxUniform,
	Author = {Riccardo Poli; W.B. Langdon},
	Date-Added = {2014-05-13 21:03:12 +0000},
	Date-Modified = {2014-05-20 10:57:31 +0000},
	Journal = {Genetic Programming 1998: Proceedings of the Third Annual Conference},
	Title = {On the Search Properties of Different Crossover Operators in Genetic Programming},
	Year = {1998}}

@article{crxSizeFair,
	Author = {W. B. Langdon},
	Date-Added = {2014-05-13 13:02:23 +0000},
	Date-Modified = {2014-05-13 13:02:57 +0000},
	Journal = {Genetic Programming and Evolvable Machines},
	Title = {Size Fair and Homologous Tree Crossovers for Tree Genetic Programming},
	Year = {2000}}

@article{crxContext,
	Author = {Patrik D'haeseleer},
	Date-Added = {2014-05-13 11:09:07 +0000},
	Date-Modified = {2014-05-13 11:09:42 +0000},
	Journal = {Proceedings of the 1994 IEEE World Congress on Computational Intelligence},
	Title = {Context Preserving Crossover in Genetic Programming},
	Year = {1994}}

@article{crxOnePoint,
	Author = {R. Poli; W. B. Langdon W. B. Langdon},
	Date-Added = {2014-05-13 10:02:32 +0000},
	Date-Modified = {2014-05-20 10:57:04 +0000},
	Journal = {Genetic Programming 1997: Proceedings of the Second Annual Conference},
	Title = {A new schema theory for genetic programming with one-point crossover and point mutation},
	Year = {1997}}

@webpage{crxSimple,
	Date-Added = {2014-05-13 08:21:51 +0000},
	Date-Modified = {2014-05-13 08:22:36 +0000},
	Lastchecked = {13.05.2014.},
	Title = {http://dces.essex.ac.uk/staff/rpoli/gp-field-guide/24RecombinationandMutation.html#7\_4},
	Url = {http://dces.essex.ac.uk/staff/rpoli/gp-field-guide/24RecombinationandMutation.html#7_4},
	Bdsk-Url-1 = {http://dces.essex.ac.uk/staff/rpoli/gp-field-guide/24RecombinationandMutation.html#7_4}}

@book{rigo,
	Author = {David R. White; Simon Poulding},
	Date-Added = {2014-05-07 15:58:50 +0000},
	Date-Modified = {2014-05-20 10:57:13 +0000},
	Publisher = {Dept. of Computer Science, University of York},
	Title = {A Rigorous Evaluation of Crossover and Mutation in Genetic Programming}}

@book{luke,
	Author = {S. Luke; L. Spector L. Spector},
	Date-Added = {2014-05-07 15:53:49 +0000},
	Date-Modified = {2014-05-20 10:57:06 +0000},
	Title = {A comparison of crossover and mutation in genetic pro- gramming},
	Year = {1997}}

@book{nenr,
	Author = {Marko {\v C}upi{\'c}; Bojana Dalbelo Ba{\v s}i{\'c}; Marin Golub},
	Date-Added = {2014-05-07 13:40:27 +0000},
	Date-Modified = {2014-05-07 13:44:14 +0000},
	Title = {Neizrazito, evolucijsko i neurora{\v c}unarstvo},
	Year = {2013}}

@book{koza,
	Author = {John R. Koza},
	Date-Added = {2014-05-06 11:21:39 +0000},
	Date-Modified = {2014-05-06 16:12:47 +0000},
	Publisher = {MIT Press},
	Title = {Genetic Programming: On the Programming of Computers by Natural Selection},
	Year = {1992}}
